% IPSN bib

@article{map,
author = {Roos, Teemu and Myllymäki, Petri and Tirri, Henry and Misikangas, Pauli and Sievänen, Juha},
year = {2002},
month = {07},
pages = {155-164},
title = {A Probabilistic Approach to WLAN User Location Estimation},
volume = {9},
journal = {IJWIN},
doi = {10.1023/A:1016003126882}
}


@inproceedings{mobicom17-splot,
	title={Simultaneous Power-Based Localization of Transmitters for Crowdsourced Spectrum Monitoring},
	author={Khaledi, M. and others},
	booktitle={ACM MobiCom},
	year={2017},
}

@article{andrews2014will, 
	author={J. G. {Andrews} and others},
	journal={IEEE JSAC},
	title={What Will {5G} Be?}, 
	year={2014}, 
	volume={32}, 
	number={6}, 
}


@INPROCEEDINGS{milind2015dyspan, 
	author={L. {Hartung} and M. {Milind}}, 
	booktitle={IEEE DySpan},
	title={Policy driven multi-band spectrum aggregation for ultra-broadband wireless networks}, 
	year={2015}, 
}


@misc{nsf_workshop,
	place={Albany, NY},
	title={NSF Workshop on Spectrum Measurements Infrastructure}, journal={NSF Workshop on Spectrum Measurements Infrastructure},
	institution={National Science Foundation}, year={2016}, pages={22–23}
} 


@INPROCEEDINGS{shibo2014crowdssensing, 
	author={S. {He} and D. {Shin} and J. {Zhang} and J. {Chen}}, 
	booktitle={IEEE INFOCOM 2014 - IEEE Conference on Computer Communications}, 
	title={Toward optimal allocation of location dependent tasks in crowdsensing}, 
	year={2014}, 
	volume={}, 
	number={}, 
	pages={745-753}, 
	doi={10.1109/INFOCOM.2014.6848001}, 
	ISSN={0743-166X}, 
	month={April}
}


@INPROCEEDINGS{shin2015crowdsensing-spectrum, 
	author={D. {Shin} and S. {He} and J. {Zhang}}, 
	booktitle={2015 IEEE Conference on Computer Communications (INFOCOM)}, 
	title={Joint sensing task and subband allocation for large-scale spectrum profiling}, 
	year={2015}, 
	volume={}, 
	number={}, 
	pages={433-441}, 
	doi={10.1109/INFOCOM.2015.7218409}, 
	ISSN={0743-166X}, 
	month={April}
}


@ARTICLE{dutta2016see, 
	author={A. {Dutta} and M. {Chiang}}, 
	journal={IEEE Trans. on Wireless Comm.}, 
	title={``See Something, Say Something'' Crowdsourced Enforcement of Spectrum Policies}, 
	year={2016}, 
	volume={15}, 
	number={1}, 
}

@inproceedings{our-infocom,
	title={Spectrum Patrolling with Crowdsourced Spectrum Sensors},
	author={Chakraborty, A. and Bhattacharya, A. and Kamal, S. and Das, S.R. and Gupta, H. and others},
	booktitle={IEEE INFOCOM},
	year={2018}
}


@inproceedings{freq-sig,
	title={Wireless interference identification with convolutional neural networks},
	author={Schmidt, M. and others},
	booktitle={IEEE Intl. Conf. on Industrial Informatics (INDIN)},
	year={2017},
}

@article{merchant2018deep,
	title={Deep learning for RF device fingerprinting in cognitive communication networks},
	author={Merchant, Kevin and Revay, Shauna and Stantchev, George and Nousain, Bryan},
	journal={IEEE Journal of Selected Topics in Signal Processing},
	volume={12},
	number={1},
	pages={160--167},
	year={2018},
	publisher={IEEE}
}

@article{mobicom-22,
	title={Cooperative search of multiple unknown transient radio sources using multiple paired mobile robots},
	author={Kim, Chang-Young and Song, Dezhen and Xu, Yiliang and Yi, Jingang and Wu, Xinyu},
	journal={IEEE Transactions on Robotics},
	volume={30},
	number={5},
	year={2014},
}


@inproceedings{mobi-25,
	title={Towards unlicensed cellular networks in TV white spaces},
	author={Baig, Ghufran and Alistarh, Dan and Karagiannis, Thomas and Radunovic, Bozidar and Balkwill, Matthew and Qiu, Lili},
	booktitle={Proceedings of the 13th International Conference on emerging Networking EXperiments and Technologies},
	pages={2--14},
	year={2017},
	organization={ACM}
}

@article{mobicom-30,
	title={Locating the nodes: cooperative localization in wireless sensor networks},
	author={Patwari, Neal and others},
	journal={IEEE Signal processing magazine},
	volume={22},
	number={4},
	year={2005},
}

@ARTICLE{Quasi-EM,
	author={J. K. {Nelson} and others},
	journal={IEEE Signal Processing Letters},
	title={A Quasi {EM} Method for Estimating Multiple Transmitter Locations},
	year={2009},
	volume={16},
	number={5}}

@inproceedings{yuxin-when,
	title={Sequential information maximization: When is greedy near-optimal?},
	author={Chen, Yuxin and Hassani, S Hamed and Karbasi, Amin and Krause, Andreas},
	booktitle={Conference on Learning Theory},
	pages={338--363},
	year={2015}
}

@inproceedings{nika2014towards,
	title={Towards commoditized real-time spectrum monitoring},
	author={Nika, Ana and Zhang, Zengbin and Zhou, Xia and Zhao, Ben Y and Zheng, Haitao},
	booktitle={Proceedings of the 1st ACM workshop on Hot topics in wireless},
	pages={25--30},
	year={2014},
	organization={ACM}
}

@inproceedings{ben-zhao,
	title={Scaling Deep Learning Models for Spectrum Anomaly Detection},
	author={Li, Zhijing and Xiao, Zhujun and Wang, Bolun and Zhao, Ben Y and Zheng, Haitao},
	booktitle={Proceedings of the Twentieth ACM International Symposium on Mobile Ad Hoc Networking and Computing},
	pages={291--300},
	year={2019},
	organization={ACM}
}

@inproceedings{sensys-crowdsourcing,
	author = {Nika, Ana and Li, Zhijing and Zhu, Yanzi and Zhu, Yibo and Zhao, Ben Y. and Zhou, Xia and Zheng, Haitao},
	title = {Empirical Validation of Commodity Spectrum Monitoring},
	booktitle = {Proceedings of the 14th ACM Conference on Embedded Network Sensor Systems CD-ROM},
	series = {SenSys '16},
	year = {2016},
	isbn = {978-1-4503-4263-6},
	location = {Stanford, CA, USA},
	pages = {96--108},
	numpages = {13},
	url = {http://doi.acm.org/10.1145/2994551.2994557},
	doi = {10.1145/2994551.2994557},
	acmid = {2994557},
	publisher = {ACM},
	address = {New York, NY, USA},
	keywords = {Low-cost sensors, Smartphones, Spectrum monitoring},
} 

@misc{iot-core,
	title="Amazon IoT Core",
	accessed="https://aws.amazon.com/iot-core/",
}

@inproceedings{zhang2014vehicle,
	title={A vehicle-based measurement framework for enhancing whitespace spectrum databases},
	author={Zhang, Tan and Leng, Ning and Banerjee, Suman},
	booktitle={Proceedings of the 20th annual international conference on Mobile computing and networking},
	pages={17--28},
	year={2014},
	organization={ACM}
}

@article{martin2009algorithms,
	title={Algorithms and bounds for estimating location, directionality, and environmental parameters of primary spectrum users},
	author={Martin, Richard K and Thomas, Ryan},
	journal={IEEE Transactions on Wireless Communications},
	volume={8},
	number={11},
	year={2009},
	publisher={IEEE}
}

@article{nelson2009quasi,
	title={A quasi EM method for estimating multiple transmitter locations},
	author={Nelson, Jill K and Gupta, Maya R and Almodovar, Jaime E and Mortensen, William H},
	journal={IEEE Signal Processing Letters},
	volume={16},
	number={5},
	pages={354--357},
	year={2009},
	publisher={Ieee}
}


@inproceedings{fft-power,
	title={Towards commoditized real-time spectrum monitoring},
	author={Nika, Ana and Zhang, Zengbin and Zhou, Xia and Zhao, Ben Y and Zheng, Haitao},
	booktitle={Proceedings of the 1st ACM workshop on Hot topics in wireless},
	pages={25--30},
	year={2014},
	organization={ACM}
}

@article{joshi2009sensor,
	title={Sensor selection via convex optimization},
	author={Joshi, Siddharth and Boyd, Stephen},
	journal={IEEE Transactions on Signal Processing},
	volume={57},
	number={2},
	pages={451--462},
	year={2009},
	publisher={IEEE}
}

@inproceedings{calvo2017crowdsourcing,
	title={Crowdsourcing spectrum data decoding},
	author={Calvo-Palomino, Roberto and Giustiniano, Domenico and Lenders, Vincent and Fakhreddine, Aymen},
	booktitle={INFOCOM 2017-IEEE Conference on Computer Communications, IEEE},
	pages={1--9},
	year={2017},
	organization={IEEE}
}

@article{krause2008near,
	title={Near-optimal sensor placements in Gaussian processes: Theory, efficient algorithms and empirical studies},
	author={Krause, Andreas and Singh, Ajit and Guestrin, Carlos},
	journal={Journal of Machine Learning Research},
	volume={9},
	number={Feb},
	pages={235--284},
	year={2008}
}

@inproceedings{shamaiah2010greedy,
	title={Greedy sensor selection: Leveraging submodularity},
	author={Shamaiah, Manohar and Banerjee, Siddhartha and Vikalo, Haris},
	booktitle={Decision and Control (CDC), 2010 49th IEEE Conference on},
	pages={2572--2577},
	year={2010},
	organization={IEEE}
}

@inproceedings{bian2006utility,
	title={Utility based sensor selection},
	author={Bian, Fang and Kempe, David and Govindan, Ramesh},
	booktitle={Proceedings of the 5th international conference on Information processing in sensor networks},
	pages={11--18},
	year={2006},
	organization={ACM}
}

@inproceedings{gauss,
	title={WiGEM: A learning-based approach for indoor localization},
	author={Goswami, A. and Ortiz, L.E. and Das, S.R.},
	booktitle={ACM CONEXT},
	year={2011},
}

@article{krause2012near,
	title={Near-optimal nonmyopic value of information in graphical models},
	author={Krause, Andreas and Guestrin, Carlos E},
	journal={arXiv preprint arXiv:1207.1394},
	year={2012}
}

@inproceedings{chakraborty2017specsense,
	title={{SpecSense}: Crowdsensing for efficient querying of spectrum occupancy},
	author={Chakraborty, A. and Rahman, Md S. and Gupta, H. and Das, S.R.},
	booktitle={IEEE INFOCOM},
	year={2017},
}

@inproceedings{rowaihy2007survey,
	title={A survey of sensor selection schemes in wireless sensor networks},
	author={Rowaihy, Hosam and Eswaran, Sharanya and Johnson, Matthew and Verma, Dinesh and Bar-Noy, Amotz and Brown, Theodore and La Porta, Thomas},
	booktitle={Unattended Ground, Sea, and Air Sensor Technologies and Applications IX},
	volume={6562},
	pages={65621A},
	year={2007},
	organization={International Society for Optics and Photonics}
}

@article{golovin2011adaptive,
	title={Adaptive submodularity: Theory and applications in active learning and stochastic optimization},
	author={Golovin, Daniel and Krause, Andreas},
	journal={Journal of Artificial Intelligence Research},
	volume={42},
	pages={427--486},
	year={2011}
}

@article{hahnel2012measuring,
	title={Measuring energy consumption for short code paths using RAPL},
	author={H{\"a}hnel, Marcus and D{\"o}bel, Bj{\"o}rn and V{\"o}lp, Marcus and H{\"a}rtig, Hermann},
	journal={ACM SIGMETRICS Performance Evaluation Review},
	volume={40},
	number={3},
	pages={13--17},
	year={2012},
	publisher={ACM}
}

@article{park2014security,
	title={Security and enforcement in spectrum sharing},
	author={Park, Jung-Min and Reed, Jeffrey H and Beex, AA and Clancy, T Charles and Kumar, Vireshwar and Bahrak, Behnam},
	journal={Proceedings of the IEEE},
	volume={102},
	number={3},
	pages={270--281},
	year={2014},
	publisher={IEEE}
}

@article{boole,
	title={On the history of the strong law of large numbers and Boole's inequality},
	author={Seneta, Eugene},
	journal={Historia Mathematica},
	volume={19},
	number={1},
	pages={24--39},
	year={1992},
	publisher={Academic Press}
}

@article{greedy_failure,
	title = "When the greedy algorithm fails",
	journal = "Discrete Optimization",
	volume = "1",
	number = "2",
	pages = "121 - 127",
	year = "2004",
	issn = "1572-5286",
	doi = "https://doi.org/10.1016/j.disopt.2004.03.007",
	url = "http://www.sciencedirect.com/science/article/pii/S1572528604000222",
	author = "Jørgen Bang-Jensen and Gregory Gutin and Anders Yeo",
	keywords = "Greedy algorithm, Traveling salesman problem, Combinatorial optimization"
}

@article{original_greedy,
	title={An analysis of approximations for maximizing submodular set functions—I},
	author={Nemhauser, George L and Wolsey, Laurence A and Fisher, Marshall L},
	journal={Mathematical programming},
	volume={14},
	number={1},
	pages={265--294},
	year={1978},
	publisher={Springer}
}

@article{bian2017guarantees,
	title={Guarantees for Greedy Maximization of Non-submodular Functions with Applications},
	author={Bian, Andrew A and Buhmann, Joachim M and Krause, Andreas and Tschiatschek, Sebastian},
	journal={Proceedings of ICML 2017},
	volume={70},
	pages={498--507},
	year={2017},
	publisher={PMLR}
}

@inproceedings{ipsn2009,
	title={Near-optimal Bayesian localization via incoherence and sparsity},
	author={Cevher, Volkan and Boufounos, Petros and Baraniuk, Richard G and Gilbert, Anna C and Strauss, Martin J},
	booktitle={Proceedings of the 2009 International Conference on Information Processing in Sensor Networks},
	pages={205--216},
	year={2009},
	organization={IEEE Computer Society}
}

@INPROCEEDINGS{ipsn-04, 
	author={ and G. {Pottie} and and D. {Estrin}}, 
	booktitle={Third International Symposium on Information Processing in Sensor Networks, 2004. IPSN 2004}, 
	title={Entropy-based sensor selection heuristic for target localization}, 
	year={2004}, 
	pages={36-45}, 
	doi={10.1109/IPSN.2004.238781}, 
	month={April}
}


@inproceedings{sigcomm15-workshop-interpolation,
	author = {Molinari, Massimiliano and Fida, Mah-Rukh and Marina, Mahesh K. and Pescape, Antonio},
	title = {Spatial Interpolation Based Cellular Coverage Prediction with Crowdsourced Measurements},
	booktitle = {Proceedings of the 2015 ACM SIGCOMM Workshop on Crowdsourcing and Crowdsharing of Big (Internet) Data},
	series = {C2B(1)D '15},
	year = {2015},
	isbn = {978-1-4503-3539-3},
	location = {London, United Kingdom},
	pages = {33--38},
	numpages = {6},
	url = {http://doi.acm.org/10.1145/2787394.2787395},
	doi = {10.1145/2787394.2787395},
	acmid = {2787395},
	publisher = {ACM},
	address = {New York, NY, USA},
	keywords = {cellular coverage prediction, crowdsourced mobile network measurement, spatial interpolation},
} 

@book{montero2015spatial,
	title={Spatial and Spatio-Temporal Geostatistical Modeling and Kriging},
	author={Montero, J.M. and Fern{\'a}ndez-Avil{\'e}s, G. and Mateu, J.},
	isbn={9781118762431},
	lccn={2015016615},
	series={Wiley Series in Probability and Statistics},
	url={https://books.google.com/books?id=GzFlCgAAQBAJ},
	year={2015},
	publisher={Wiley}
}

@misc{scte-isbe16-cbrs,
	title = {The 3.5 {GHz} Citizens Broadband Radio Service ({CBRS}) },
	author = {David Wright and Andrew Clegg},
	year = {2016}
}


@inproceedings{clustering,
	title={Global optimization for multiple transmitter localization},
	author={Nelson, J. and Hazen, M. and Gupta, M.},
	booktitle={IEEE MILCOM},
	year={2006}
}

@INPROCEEDINGS{sas-paper,
	author={C. W. {Kim} and J. {Ryoo} and M. M. {Buddhikot}},
	booktitle={IEEE DySPAN},
	title={Design and implementation of an end-to-end architecture for 3.5 GHz shared spectrum},
	year={2015}}

@misc{splat,
	author = {J. A. Magliacane},
	title = {{SPLAT}! A Terrestrial {RF} Path Analysis Application for {Linux/Unix}},
	howpublished = {\url{https://www.qsl.net/kd2bd/splat.html}},
	year = 2008
}

@ARTICLE{lr,
	author={K. {Chamberlin} and R. {Luebbers}},
	journal={IEEE Transactions on Antennas and Propagation},
	title={An evaluation of Longley-Rice and GTD propagation models},
	year={1982},
	volume={30},
	number={6}
}

@book{rappaport-2001,
	author = {Rappaport, Theodore},
	title = {Wireless Communications: Principles and Practice},
	year = {2001},
	isbn = {0130422320},
	edition = {2nd},
	publisher = {Prentice Hall PTR},
	address = {Upper Saddle River, NJ, USA},
}

@article{scikit-learn,
	title={Scikit-learn: Machine Learning in {P}ython},
	author={Pedregosa, F. and others},
	journal={Journal of Machine Learning Research},
	volume={12},
	pages={2825--2830},
	year={2011}
}


@book{map-optimal,
  title={Pattern classification},
  author={Duda, Richard O and Hart, Peter E and Stork, David G},
  year={2012},
  publisher={John Wiley \& Sons}
}

@INPROCEEDINGS{robot-ref,
author={P. K. {Penumarthi} and others},
booktitle={Intl. Symp. on Multi-Robot and Multi-Agent Systems},
title={Multirobot exploration for building communication maps with prior from communication models},
year={2017}
}

@online{cbrs,
howpublished={\url{https://en.wikipedia.org/wiki/Citizens_Broadband_Radio_Service}},
}



@INPROCEEDINGS{pam19-lowcostsensing,
	author={M. Dasari and M. B. Atigue and A. Bhattacharya and S.R. Das},
	title={Spectrum Protection from Micro-Transmissions using Distributed Spectrum Patrolling},
	booktitle={PAM},
	year={2019}	
}

@ARTICLE{zafari-19,
	author={F. {Zafari} and A. {Gkelias} and K. K. {Leung}}, 
	journal={IEEE Communications Surveys Tutorials}, 
	title={A Survey of Indoor Localization Systems and Technologies}, 
	year={2019}, 
	volume={21}, 
	number={3}
}

@INPROCEEDINGS{info-20,
	author={A. Bhattacharya and C. Zhan and H. Gupta and S. R. Das and P. M. Djuric},
	booktitle={IEEE INFOCOM},
	title={Selection of Sensors for Efficient Transmitter Localization},
	year={2020},
}

@INPROCEEDINGS{multi-tx-dyspan-19,
	author={M. Ghaderibaneh and M. Dasari and H. Gupta},
	booktitle={IEEE DySpan},
	title={Multiple Transmitter Localization Under Time-Skewed Observations},
	year={2019},
}

@INPROCEEDINGS{infocom00-radar,
	author={P. {Bahl} and V. N. {Padmanabhan}},
	booktitle={IEEE INFOCOM},
	title={{RADAR}: An in-building {RF}-based user location and tracking system},
	year={2000},
}

@ARTICLE{aoa-multi,
	author={R. Zhang and J. Liu and X. Du and B. Li and M. Guizani M},
	journal={Sensors},
	title={{AOA}-Based Three-Dimensional Multi-Target Localization in Industrial {WSNs} for {LOS} Conditions},
	year={2018},
}

@INPROCEEDINGS{ipsn19-chorus,
	author={P. Corbalan and G.P. Picco and S. Palipana},
	title={Chorus: {UWB} Concurrent Transmissions for {GPS}-like Passive Localization of Countless Targets},
	booktitle={ACM/IEEE IPSN},
	year={2019},
}

@INPROCEEDINGS{ipsn19-snaploc,
	author={B. Grobwindhager and M. Stocker and others},
	title={{SnapLoc}: An Ultra-Fast {UWB}-Based Indoor Localization System
	for an Unlimited Number of Tags},
	booktitle={ACM/IEEE IPSN},
	year={2019},
}

@INPROCEEDINGS{ipsn19-multipassive,
	author={C. Karanam and B. Korany and Y. Mostofi},
	title={Tracking from One Side – Multi-Person Passive Tracking with
	WiFi Magnitude Measurements},
	booktitle={ACM/IEEE IPSN},
	year={2019},
}

@INPROCEEDINGS{mobicom19-bigspec,
	author={Y. Zeng and V. Chandrasekaran and S. Banerjee and others},
	title={A Framework for Analyzing Spectrum Characteristics in Large Spatio-temporal Scales},
	booktitle={ACM MobiCom},
	year={2019},
}

@misc{usrp,
	howpublished = {\url{https://www.ettus.com/all-products/ub210-kit/}},
}

@misc{hackrf,
	howpublished = {\url{https://greatscottgadgets.com/hackrf/one/}},
}


%%%%%%%%%%%%%%%%
% WoWMoM-PMC bib
%%%%%%%%%%%%%%%%


@inproceedings{sigcomm21-5G,
    author = {Narayanan, Arvind and Zhang, Xumiao and others},
    title = {A Variegated Look at {5G} in the Wild: Performance, Power, and {QoE} Implications},
    year = {2021},
    booktitle = {ACM SIGCOMM}
}

@techreport{dod20-spectrum,
  author      = "",
  title       = "Electromagnetic Spectrum Superiority Strategy",
  institution = "US Department of Defence",
  year        = "2020"
}

@article{survey-specshare,
title = "A comprehensive survey on spectrum sharing: Architecture, energy efficiency and security issues",
journal = "Journal of Network and Computer Applications",
year = "2018",
author = "Haneet Kour and Rakesh Kumar Jha and Sanjeev Jain",
keywords = "5G, Spectral efficiency, Energy efficiency, Spectrum sharing, Massive MIMO, SWIPT, Spectrum harvesting, Spectrum relaying",
}

@INPROCEEDINGS{ipsn20-mtl,
	author = {Zhan, Caitao and Gupta, Himanshu and Bhattacharya, Arani and Mohammand Ghaderibaneh},
	title = {Efficient Localization of Multiple Intruders for Shared Spectrum System},
	booktitle = {{IPSN}},
	year = {2020}
}

@INPROCEEDINGS{icccn20-deeptxfinder,
	author = {Zubow, Anatolij and Bayhan, Suzan and Gawłowicz, Piotr and Dressler, Falko},
	title = {DeepTxFinder: Multiple Transmitter Localization by
	Deep Learning in Crowdsourced Spectrum Sensing},
	booktitle = {{ICCCN}},
	year = {2020}
}

@inproceedings{mobicom20-deeploc,
  title={Deep learning based wireless localization for indoor navigation},
  author={Ayyalasomayajula, Roshan and Arun, Aditya and others},
  booktitle={MobiCom},
  year={2020}
}

@INPROCEEDINGS{wowmom21-deepmtl,
  author={Zhan, Caitao and Ghaderibaneh, Mohammad and Sahu, Pranjal and Gupta, Himanshu},
  booktitle={IEEE 22nd International Symposium on a World of Wireless, Mobile and Multimedia Networks (WoWMoM)}, 
  title={{DeepMTL}: Deep Learning Based Multiple Transmitter Localization}, 
  year={2021}
}

@article{yolov3,
  author    = {Joseph Redmon and others},
  title     = {YOLOv3: An Incremental Improvement},
  journal   = {CoRR},
  year      = {2018},
}

@misc{psd,
  Author    = {Hunter, J. D.},
  Title     = {Matplotlib: A 2D graphics environment},
  Journal   = {Computing in Science \& Engineering},
  publisher = {IEEE COMPUTER SOC},
  howpublished = {\url{https://matplotlib.org/stable/api/_as_gen/matplotlib.pyplot.psd.html}}
}

@InProceedings{miccai15-unet,
author="Ronneberger, Olaf and Fischer, Philipp and Brox, Thomas",
title="{U-Net}: Convolutional Networks for Biomedical Image Segmentation",
booktitle=" MICCAI 2015",
year="2015",
}

@article{receptive-field,
  author    = {Wenjie Luo and
               Yujia Li and
               Raquel Urtasun and
               Richard S. Zemel},
  title     = {Understanding the Effective Receptive Field in Deep Convolutional
               Neural Networks},
  journal   = {CoRR},
  year      = {2017},
}

@article{groupnorm,
  author    = {Yuxin Wu and
               Kaiming He},
  title     = {Group Normalization},
  journal   = {CoRR},
  year      = {2018},
  url       = {http://arxiv.org/abs/1803.08494},
  archivePrefix = {arXiv},
  abstract = {Batchnorm (BN) exploits the batch dimension and pixels sharing the same channel index are normalized together. Groupnorm (GN) is an alternative to batchnorm (BN) where GN is independent of batch dimensions and divide the channels into groups and computes within each group the mean and variance for normalization. GN avoids the BN's limits in small batch sizes caused by inaccurate batch statistics estimation.}
}

@article{batchnorm,
  author    = {Sergey Ioffe and
               Christian Szegedy},
  title     = {Batch Normalization: Accelerating Deep Network Training by Reducing Internal Covariate Shift},
  journal   = {CoRR},
  year      = {2015},
}

@misc{kingma2017adam,
      title={Adam: A Method for Stochastic Optimization},
      author={Diederik P. Kingma and Jimmy Ba},
      year={2017},
}

@inproceedings{cvpr14-rcnn,
  Author    = {Ross Girshick and
               others},
  Title     = {Rich feature hierarchies for accurate object detection and semantic segmentation},
  Booktitle = {{CVPR}},
  Year      = {2014}
}

@inproceedings{cvpr16-yolo,
author = {Redmon, Joseph and Divvala, Santosh and Girshick, Ross and Farhadi, Ali},
year = {2016},
title = {You Only Look Once: Unified, Real-Time Object Detection},
booktitle = {CVPR}
}

@manual{yolo-github,
      title  = "Open source YOLOv3 implementation",
      author = "Erik Linder-Norén",
      url    = "https://github.com/eriklindernoren/PyTorch-YOLOv3",
      year   = "2019"
}

@article{objectdetectionsurvey,
  author    = {Li Liu and
               Wanli Ouyang and
               Xiaogang Wang and
               Paul W. Fieguth and
               Jie Chen and
               Xinwang Liu and
               Matti Pietik{\"{a}}inen},
  title     = {Deep Learning for Generic Object Detection: {A} Survey},
  journal   = {CoRR},
  volume    = {abs/1809.02165},
  year      = {2018},
}

@article{mscoco,
  author    = {Tsung{-}Yi Lin and
               Michael Maire and
               Serge J. Belongie and
               Lubomir D. Bourdev and
               Ross B. Girshick and
               others},
  title     = {Microsoft {COCO:} Common Objects in Context},
  year      = {2014},
}

@INPROCEEDINGS{Ureten2011powerlocation,
  author={Üreten, O. and Willink, T. J.},
  booktitle={2011 IEEE 12th International Workshop on Signal Processing Advances in Wireless Communications}, 
  title={Joint estimation of emitter power and location in cognitive radio networks}, 
  year={2011},
  pages={61-65},
}

@article{PowerEstimate2010Zafer,
author = {Zafer, Murtaza and Ko, Bong Jun and Ho, Ivan Wang-Hei},
year = {2010},
title = {Transmit Power Estimation Using Spatially Diverse Measurements Under Wireless Fading},
journal = {IEEE/ACM Transactions on Networking},
}

@inproceedings{icoin2007-powerposition,
author = {Kim, Sunghun and Jeon, Hyoungsuk and Lee, Hyuckjae and Ma, Joongsoo},
year = {2007},
title = {Robust Transmission Power and Position Estimation in Cognitive Radio},
booktitle = {IEEE MILCOM},
}

@article{electrosense,
  author    = {Sreeraj Rajendran and
               Roberto Calvo{-}Palomino and
               Domenico Giustiniano and others},
  title     = {Electrosense: Open and Big Spectrum Data},
  journal   = {IEEE Communications Magazine},
  year      = {2018}
}

@inproceedings{mobisys20-skysense,
author = {Reynders, Brecht and Minucci, Franco and Perenda, Erma and others},
title = {SkySense: Terrestrial and Aerial Spectrum Use Analysed Using Lightweight Sensing Technology with Weather Balloons},
year = {2020},
booktitle = {MobiSys},
}

@INPROCEEDINGS{pimrc2021-localize,
  author={de Almeida, Ivo Bizon Franco and Chafii, Marwa and Nimr, Ahmad and Fettweis, Gerhard},
  booktitle={IEEE PIMRC}, 
  title={Blind Transmitter Localization in Wireless Sensor Networks: A Deep Learning Approach}, 
  year={2021},
}

@ARTICLE{toccn18-sigclassify,
  author={S. {Rajendran} and others},
  journal={IEEE TOCCN}, 
  title={Deep Learning Models for Wireless Signal Classification With Distributed Low-Cost Spectrum Sensors}, 
  year={2018},
}

@inproceedings{bhattacharya2022fast,
  title={Fast and Efficient Online Selection of Sensors for Transmitter Localization},
  author={Bhattacharya, Arani and Abhishek, Maji and Champati, Jaya Prakash and Gross, James and others},
  booktitle={International Conference on COMmunication Systems \& NETworkS},
  year={2022}
}

@inproceedings{mobicom21-deepradar,
author = {Sarkar, Shamik and Buddhikot, Milind and Baset, Aniqua and Kasera, Sneha Kumar},
title = {{DeepRadar}: A Deep-Learning-Based Environmental Sensing Capability Sensor Design for {CBRS}},
year = {2021},
series = {MobiCom},
}

@ARTICLE{DeepFi2016,
  author={Wang, Xuyu and Gao, Lingjun and Mao, Shiwen and Pandey, Santosh},
  journal={IEEE Transactions on Vehicular Technology}, 
  title={CSI-Based Fingerprinting for Indoor Localization: A Deep Learning Approach}, 
  year={2017}
}

@inproceedings{sigspatial19-monodcell,
author = {Rizk, Hamada and others},
title = {{MonoDCell}: A Ubiquitous and Low-Overhead Deep Learning-Based Indoor Localization with Limited Cellular Information},
year = {2019},
location = {Chicago, IL, USA},
booktitle = {SIGSPATIAL}
}

@ARTICLE{ton-sensorselect,
  author={Bhattacharya, Arani and Zhan, Caitao and Maji, Abhishek and Gupta, Himanshu and Das, Samir R. and Djurićc, Petar M.},
  journal={IEEE/ACM Transactions on Networking}, 
  title={Selection of Sensors for Efficient Transmitter Localization}, 
  year={2021}
}
