@article{Giovannetti_2011,
    title = {Advances in quantum metrology},
    journal = {Nature Photonics},
    doi = {10.1038/nphoton.2011.35},
    year = 2011,
    author = {Vittorio Giovannetti and Seth Lloyd and Lorenzo Maccone}
}

@article{RevModPhys.quantumsensing,
  title = {Quantum sensing},
  author = {Degen, C. L. and Reinhard, F. and Cappellaro, P.},
  journal = {Rev. Mod. Phys.},
  volume = {89},
  issue = {3},
  pages = {035002},
  numpages = {39},
  year = {2017},
  publisher = {American Physical Society},
}


@INPROCEEDINGS{infocom00-radar,
	author={P. {Bahl} and V. N. {Padmanabhan}},
	booktitle={IEEE INFOCOM},
	title={{RADAR}: An in-building {RF}-based user location and tracking system},
	year={2000},
}

@article{PRL20-qsn,
  title = {Demonstration of a Reconfigurable Entangled Radio-Frequency Photonic Sensor Network},
  author = {Xia, Yi and Li, Wei and Clark, William and Hart, Darlene and Zhuang, Quntao and Zhang, Zheshen},
  journal = {Phys. Rev. Lett.},
  year = {2020},
  month = {Apr},
}

@phdthesis{arizona21-thesis,
    year = {2021},
    author = {Xia, Yi},
    title = {Distributed Quantum Sensing: Theoretical Foundation, Experimental Platform and Applications},
    school = {U of Arizona},
}

@book{qcqi-book,
author = {Nielsen, Michael A. and Chuang, Isaac L.},
title = {Quantum Computation and Quantum Information: 10th Anniversary Edition},
year = {2011},
edition = {10th},
}

@inproceedings{mobisys05-horus,
author = {Youssef, Moustafa and Agrawala, Ashok},
title = {The Horus WLAN Location Determination System},
year = {2005},
booktitle = {MobiSys}
}

@INPROCEEDINGS{infocom18-spectrum,  
author={Chakraborty, Ayon and Bhattacharya, Arani and others},  
booktitle={IEEE INFOCOM},   
title={Spectrum Patrolling with Crowdsourced Spectrum Sensors},   year={2018}
}

@INPROCEEDINGS{lcn22-qloc,  
author={Shokry, Ahmed and Youssef, Moustafa},  booktitle={IEEE 47th Conference on Local Computer Networks (LCN)},   
title={A Quantum Algorithm for RF-based Fingerprinting Localization Systems},   
year={2022}
}

@article{pmc22-deepmtlpro,
title={{DeepMTL Pro}: Deep Learning Based Multiple Transmitter Localization and Power Estimation},
journal = {Pervasive and Mobile Computing},
author={Caitao Zhan and Mohammad Ghaderibaneh and Pranjal Sahu and Himanshu Gupta},
year={2022},
}

@article{tx-localization,
title={A Survey on Wireless Transmitter Localization Using Signal Strength Measurements},
journal = {Wireless Communications and Mobile Computing},
author={Henri Nurminen, Marzieh Dashti, Robert Piche},
year={2017},
}

@ARTICLE{devicefree-loc,
  author={Patwari, Neal and others},
  journal={Proceedings of the IEEE}, 
  title={RF Sensor Networks for Device-Free Localization: Measurements, Models, and Algorithms}, 
  year={2010},
}

@inproceedings {nsdi13-arraytrack,
author = {Jie Xiong and Kyle Jamieson},
title = {{ArrayTrack}: A {Fine-Grained} Indoor Location System},
booktitle = {NSDI},
year = {2013},
publisher = {USENIX Association},
}

@book{slqc,
author = {Schuld, Maria and Petruccione, Francesco},
title = {Supervised Learning with Quantum Computers},
year = {2018},
publisher = {Springer Publishing Company, Incorporated},
}

@article{Zhang_2021,
	year = 2021,
	publisher = {{IOP} Publishing},
	volume = {6},
	number = {4},
	pages = {043001},
	author = {Zheshen Zhang and Quntao Zhuang},
	title = {Distributed quantum sensing},
	journal = {Quantum Science and Technology},
}

@article{nature21_phase,
	year = 2021,
	author = {Lizheng Liu and Yuzhe Zhang and Zhangda Li and others },
	title = {Distributed quantum phase estimation with entangled photons},
	journal = {Nature Photonics},
}

@ARTICLE{helstrom1969,
       author = {{Helstrom}, Carl W.},
        title = "{Quantum detection and estimation theory}",
      journal = {Journal of Statistical Physics},
         year = 1969,
        month = jun,
}

@Inbook{bergou2004,
    author="Bergou, J{\'a}nos A. and Herzog, Ulrike and Hillery, Mark",
    title="11 Discrimination of Quantum States",
    bookTitle="Quantum State Estimation",
    year="2004",
    publisher="Springer",
}

@article{bergou-review-2007,
    title = {Quantum state discrimination and selected applications},
    author = {Bergou, János},
    year = {2007},
    month = {Oct},
    journal = {Journal of Physics: Conference Series},
}

@article{semidefinite,
author = {Eldar, Y. C. and Megretski, A. and others},
title = {Designing Optimal Quantum Detectors via Semidefinite Programming},
year = {2003},
journal = {IEEE Trans. Information Theory},
}

@article{prettygood,
author = { Paul   Hausladen  and  William K.   Wootters },
title = {A ‘Pretty Good’ Measurement for Distinguishing Quantum States},
journal = {Journal of Modern Optics},
year  = {1994},
}

@article{pra19-povm,
  title = {Implementation of a general single-qubit positive operator-valued measure on a circuit-based quantum computer},
  author = {Yordanov, Yordan S. and Barnes, Crispin H. W.},
  journal = {Phys. Rev. A},
  volume = {100},
  issue = {6},
  pages = {062317},
  numpages = {7},
  year = {2019},
  month = {Dec},
  publisher = {American Physical Society},
  doi = {10.1103/PhysRevA.100.062317},
  url = {https://link.aps.org/doi/10.1103/PhysRevA.100.062317}
}

@article{Bae_2015,
	year = 2015,
	publisher = {{IOP} Publishing},
	volume = {48},
	number = {8},
	pages = {083001},
	author = {Joonwoo Bae and Leong-Chuan Kwek},
	title = {Quantum state discrimination and its applications},
	journal = {Journal of Physics A: Mathematical and Theoretical},
}

@article{PhysRevLett.quantumfingerprint,
  title = {Quantum Fingerprinting},
  author = {Buhrman, Harry and Cleve, Richard and Watrous, John and de Wolf, Ronald},
  journal = {Phys. Rev. Lett.},
  volume = {87},
  issue = {16},
  pages = {167902},
  numpages = {4},
  year = {2001},
}

@ARTICLE{ton22-quantum,  
author={Mohammad Ghaderibaneh and Caitao Zhan and Gupta, Himanshu and Ramakrishnan, C. R.},  
journal={IEEE TQE},   
title={Efficient Quantum Network Communication Using Optimized Entanglement Swapping Trees},   
year={2022},
}