@inproceedings{mobicom20-deeploc,
  title={Deep learning based wireless localization for indoor navigation},
  author={Ayyalasomayajula, Roshan and Arun, Aditya and others},
  booktitle={MobiCom},
  year={2020}
}



@ARTICLE{chamberlin82,
author={K. {Chamberlin} and others},
journal={IEEE Transactions on Antennas and Propagation},
title={An evaluation of Longley-Rice and GTD propagation models},
year={1982},
}


@misc{splat,
	author = {J. A. Magliacane},
	title = {SPLAT! A Terrestrial RF Path Analysis Application for Linux/Unix},
	howpublished = {Downloaded at \url{https://www.qsl.net/kd2bd/splat.html}}
}

@misc{psd,
  Author    = {Hunter, J. D.},
  Title     = {Matplotlib: A 2D graphics environment},
  Journal   = {Computing in Science \& Engineering},
  publisher = {IEEE COMPUTER SOC},
  howpublished = {\url{https://matplotlib.org/stable/api/_as_gen/matplotlib.pyplot.psd.html}}
}

@INPROCEEDINGS{ipsn20-mtl,
	author = {Zhan, Caitao and Gupta, Himanshu and Bhattacharya, Arani and Mohammand Ghaderibaneh},
	title = {Efficient Localization of Multiple Intruders for Shared Spectrum System},
	booktitle = {{IPSN}},
	year = {2020}
}


@ARTICLE{dutta2016see, 
	author={A. {Dutta} and M. {Chiang}}, 
	journal={IEEE TOWC}, 
	title={“See Something, Say Something” Crowdsourced Enforcement of Spectrum Policies}, 
	year={2016},
}

@inproceedings{clustering,
	title={Global optimization for multiple transmitter localization},
	author={Nelson, Jill K and Hazen, Megan U and Gupta, Maya R},
	booktitle={MILCOM},
	year={2006},
	organization={IEEE}
}

@inproceedings{chakraborty2017specsense,
	title={Specsense: Crowdsensing for efficient querying of spectrum occupancy},
	author={Chakraborty, Ayon and Md Saifur Rahman and Himanshu Gupta and Samir R. Das},
	booktitle={INFOCOM},
	year={2017},
}

@INPROCEEDINGS{multi-tx-dyspan-19,
  author={M. {Ghaderibaneh} and M. {Dasari} and H. {Gupta}},
  booktitle={DySPAN}, 
  title={Multiple Transmitter Localization under Time-Skewed Observations}, 
  year={2019}
  }

@misc{hackrf,
	howpublished = {\url{https://greatscottgadgets.com/hackrf/one/}},
}

@misc{usrp,
	howpublished = {\url{https://www.ettus.com/all-products/ub210-kit/}},
}

@inproceedings{infocom18-spectrum,
	title={Spectrum Patrolling with Crowdsourced Spectrum Sensors},
	author={Chakraborty, Ayon and Arani Bhattacharya and Snigdha Kamal and Samir R Das and Himanshu Gupta and Petar M. Djuric},
	booktitle={IEEE Infocom},
	year={2018}
}



@inproceedings{mobicom17-splot,
	title={Simultaneous Power-Based Localization of Transmitters for Crowdsourced Spectrum Monitoring},
	author={Khaledi, Mojgan and others},
	booktitle={MobiCom},
	year={2017},
	organization={ACM}
}


@INPROCEEDINGS{milind2015dyspan, 
	author={L. {Hartung} and M. {Milind}}, 
	booktitle={DySPAN}, 
	title={Policy driven multi-band spectrum aggregation for ultra-broadband wireless networks}, 
	year={2015}
}


@INPROCEEDINGS{icccn20-deeptxfinder,
	author = {Zubow, Anatolij and Bayhan, Suzan and Gawłowicz, Piotr and Dressler, Falko},
	title = {DeepTxFinder: Multiple Transmitter Localization by
	Deep Learning in Crowdsourced Spectrum Sensing},
	booktitle = {{ICCCN}},
	year = {2020}
}

@inproceedings{cvpr16-yolo,
author = {Redmon, Joseph and Divvala, Santosh and Girshick, Ross and Farhadi, Ali},
year = {2016},
title = {You Only Look Once: Unified, Real-Time Object Detection},
booktitle = {CVPR}
}


@article{yolov3,
  author    = {Joseph Redmon and others},
  title     = {YOLOv3: An Incremental Improvement},
  journal   = {CoRR},
  year      = {2018},
}

@misc{yolov4,
      title={YOLOv4: Optimal Speed and Accuracy of Object Detection}, 
      author={Alexey Bochkovskiy and Chien-Yao Wang and Hong-Yuan Mark Liao},
      year={2020},
      eprint={2004.10934},
      archivePrefix={arXiv},
      primaryClass={cs.CV}
}


@ARTICLE{Quasi-EM,
	author={J. K. {Nelson} and M. R. {Gupta} and others},
	journal={IEEE Signal Processing Letters},
	title={A Quasi EM Method for Estimating Multiple Transmitter Locations},
	year={2009},
}


@ARTICLE{andrews2014will,
  author        = "Jeffrey G. Andrews and others",
  title         = "What Will {5G} Be?",
  journal       = "IEEE Journal on Selected Areas in Communications",
  year          = "2014",
}


@article{survey-specshare,
title = "A comprehensive survey on spectrum sharing: Architecture, energy efficiency and security issues",
journal = "Journal of Network and Computer Applications",
year = "2018",
author = "Haneet Kour and Rakesh Kumar Jha and Sanjeev Jain",
keywords = "5G, Spectral efficiency, Energy efficiency, Spectrum sharing, Massive MIMO, SWIPT, Spectrum harvesting, Spectrum relaying",
}


@article{groupnorm,
  author    = {Yuxin Wu and
               Kaiming He},
  title     = {Group Normalization},
  journal   = {CoRR},
  year      = {2018},
  url       = {http://arxiv.org/abs/1803.08494},
  archivePrefix = {arXiv},
  abstract = {Batchnorm (BN) exploits the batch dimension and pixels sharing the same channel index are normalized together. Groupnorm (GN) is an alternative to batchnorm (BN) where GN is independent of batch dimensions and divide the channels into groups and computes within each group the mean and variance for normalization. GN avoids the BN's limits in small batch sizes caused by inaccurate batch statistics estimation.}
}

@article{batchnorm,
  author    = {Sergey Ioffe and
               Christian Szegedy},
  title     = {Batch Normalization: Accelerating Deep Network Training by Reducing Internal Covariate Shift},
  journal   = {CoRR},
  year      = {2015},
}

@article{img2img-survey,
author = {Kaji, Shizuo and Kida, Satoshi},
year = {2019},
month = {06},
title = {Overview of image-to-image translation by use of deep neural networks: denoising, super-resolution, modality conversion, and reconstruction in medical imaging},
volume = {12},
journal = {Radiological Physics and Technology},
doi = {10.1007/s12194-019-00520-y},
note = {}
}


@InProceedings{miccai15-unet,
author="Ronneberger, Olaf and Fischer, Philipp and Brox, Thomas",
title="{U-Net}: Convolutional Networks for Biomedical Image Segmentation",
booktitle=" MICCAI 2015",
year="2015",
}

@INPROCEEDINGS{cvpr17-pix2pix,
  author={P. {Isola} and J. {Zhu} and T. {Zhou} and A. A. {Efros}},
  booktitle={CVPR}, 
  title={Image-to-Image Translation with Conditional Adversarial Networks}, 
  year={2017},
}

@InProceedings{iccv17-cyclegan,
author = {Zhu, Jun-Yan and Park, Taesung and Isola, Phillip and Efros, Alexei A.},
title = {Unpaired Image-To-Image Translation Using Cycle-Consistent Adversarial Networks},
booktitle = {ICCV},
month = {Oct},
year = {2017}
}

@inproceedings{nips14-gan,
 author = {Goodfellow, Ian and Pouget-Abadie, Jean and Mirza, Mehdi and Bengio, Yoshua and others},
 booktitle = {Advances in Neural Information Processing Systems},
 publisher = {Curran Associates, Inc.},
 title = {Generative Adversarial Nets},
 year = {2014}
}

@techreport{dod20-spectrum,
  author      = "",
  title       = "Electromagnetic Spectrum Superiority Strategy",
  institution = "US Department of Defence",
  year        = "2020"
}


@misc{kingma2017adam,
      title={Adam: A Method for Stochastic Optimization},
      author={Diederik P. Kingma and Jimmy Ba},
      year={2017},
}

@inproceedings{cvpr14-rcnn,
  Author    = {Ross Girshick and
               others},
  Title     = {Rich feature hierarchies for accurate object detection and semantic segmentation},
  Booktitle = {{CVPR}},
  Year      = {2014}
}
 
 
@manual{yolo-github,
      title  = "Open source YOLOv3 implementation",
      author = "Erik Linder-Norén",
      url    = "https://github.com/eriklindernoren/PyTorch-YOLOv3",
      year   = "2019"
}
  
@INPROCEEDINGS{cvpr17-yolov2,
  author={J. {Redmon} and A. {Farhadi}},
  booktitle={CVPR}, 
  title={YOLO9000: Better, Faster, Stronger}, 
  year={2017},
}

@article{mscoco,
  author    = {Tsung{-}Yi Lin and
               Michael Maire and
               Serge J. Belongie and
               Lubomir D. Bourdev and
               Ross B. Girshick and
               others},
  title     = {Microsoft {COCO:} Common Objects in Context},
  year      = {2014},
}

@INPROCEEDINGS{sas-paper,
	author={C. W. {Kim} and others},
	booktitle={IEEE DySPAN},
	title={Design and implementation of an end-to-end architecture for 3.5 GHz shared spectrum},
	year={2015}
}

@tech{scte-isbe16-cbrs,
	title = {The 3.5 {GHz} Citizens Broadband Radio Service ({CBRS}) },
	author = {David Wright and Andrew Clegg},
	year = {2016}
}

@inproceedings{freq-sig,
	title={Wireless interference identification with convolutional neural networks},
	author={Schmidt, M. and others},
	booktitle={INDIN},
	year={2017},
}

@inproceedings{ben-zhao,
	title={Scaling Deep Learning Models for Spectrum Anomaly Detection},
	author={Li, Zhijing and Xiao, Zhujun and Wang, Bolun and Zhao, Ben Y and others},
	booktitle={MobiHoc},
	year={2019},
	organization={ACM}
}

@INPROCEEDINGS{infocom00-radar,
	author={P. {Bahl} and V. N. {Padmanabhan}},
	booktitle={IEEE INFOCOM},
	title={{RADAR}: An in-building {RF}-based user location and tracking system},
	year={2000},
}

@ARTICLE{zafari-19,
	author={F. {Zafari} and A. {Gkelias} and others}, 
	journal={IEEE Communications Surveys Tutorials}, 
	title={A Survey of Indoor Localization Systems and Technologies}, 
	year={2019}, 
}

@INPROCEEDINGS{ipsn19-chorus,
	author={P. Corbalan and G.P. Picco and others},
	title={Chorus: {UWB} Concurrent Transmissions for {GPS}-like Passive Localization of Countless Targets},
	booktitle={IPSN},
	year={2019},
}

@INPROCEEDINGS{ipsn19-snaploc,
	author={B. Grobwindhager and M. Stocker and others},
	title={{SnapLoc}: An Ultra-Fast {UWB}-Based Indoor Localization System
	for an Unlimited Number of Tags},
	booktitle={ACM/IEEE IPSN},
	year={2019},
}

@INPROCEEDINGS{ipsn19-multipassive,
	author={C. Karanam and others},
	title={Tracking from One Side – Multi-Person Passive Tracking with
	WiFi Magnitude Measurements},
	booktitle={ACM/IEEE IPSN},
	year={2019},
}

@article{mobicom-30,
	title={Locating the nodes: cooperative localization in wireless sensor networks},
	author={Patwari, Neal and others},
	journal={IEEE Signal processing magazine},
	year={2005},
}

@inproceedings{sigspatial19-monodcell,
author = {Rizk, Hamada and others},
title = {{MonoDCell}: A Ubiquitous and Low-Overhead Deep Learning-Based Indoor Localization with Limited Cellular Information},
year = {2019},
location = {Chicago, IL, USA},
booktitle = {SIGSPATIAL}
}


@article{receptive-field,
  author    = {Wenjie Luo and
               Yujia Li and
               Raquel Urtasun and
               Richard S. Zemel},
  title     = {Understanding the Effective Receptive Field in Deep Convolutional
               Neural Networks},
  journal   = {CoRR},
  year      = {2017},
}


@article{electrosense,
  author    = {Sreeraj Rajendran and
               Roberto Calvo{-}Palomino and
               Domenico Giustiniano and others},
  title     = {Electrosense: Open and Big Spectrum Data},
  journal   = {IEEE Communications Magazine},
  year      = {2018}
}

@inproceedings{mobisys20-skysense,
author = {Reynders, Brecht and Minucci, Franco and Perenda, Erma and others},
title = {SkySense: Terrestrial and Aerial Spectrum Use Analysed Using Lightweight Sensing Technology with Weather Balloons},
year = {2020},
booktitle = {MobiSys},
}

@INPROCEEDINGS{infocom20-select,
	author={A. Bhattacharya and C. Zhan and H. Gupta and S. R. Das and others},
	booktitle={IEEE INFOCOM},
	title={Selection of Sensors for Efficient Transmitter Localization},
	year={2020},
}


@ARTICLE{toccn18-sigclassify,
  author={S. {Rajendran} and others},
  journal={IEEE TOCCN}, 
  title={Deep Learning Models for Wireless Signal Classification With Distributed Low-Cost Spectrum Sensors}, 
  year={2018},
}

@InProceedings{ECCV18-crowdcount,
author = {Ranjan, Viresh and Le, Hieu and Hoai, Minh},
title = {Iterative Crowd Counting},
booktitle = {Proceedings of the European Conference on Computer Vision (ECCV)},
month = {September},
year = {2018}
}


@InProceedings{aaai21-topocrowdcount,
author = {hahira Abousamra and
               Minh Hoai and
               Dimitris Samaras and
               Chao Chen},
title = {Localization in the Crowd with Topological Constraints},
booktitle = {Proceedings of the AAAI Conference on Artificial Intelligence (AAAI)},
year = {2021}
}


@article{scikit-learn,
 title={Scikit-learn: Machine Learning in {P}ython},
 author={Pedregosa, F. and Varoquaux, G. and others},
 journal={Journal of Machine Learning Research},
 year={2011}
}

@article{PowerEstimate2010Zafer,
author = {Zafer, Murtaza and Ko, Bong Jun and Ho, Ivan Wang-Hei},
year = {2010},
title = {Transmit Power Estimation Using Spatially Diverse Measurements Under Wireless Fading},
journal = {IEEE/ACM Transactions on Networking},
}

@INPROCEEDINGS{Ureten2011powerlocation,
  author={Üreten, O. and Willink, T. J.},
  booktitle={2011 IEEE 12th International Workshop on Signal Processing Advances in Wireless Communications}, 
  title={Joint estimation of emitter power and location in cognitive radio networks}, 
  year={2011},
  pages={61-65},
}
  
@inproceedings{icoin2007-powerposition,
author = {Kim, Sunghun and Jeon, Hyoungsuk and Lee, Hyuckjae and Ma, Joongsoo},
year = {2007},
title = {Robust Transmission Power and Position Estimation in Cognitive Radio},
booktitle = {IEEE MILCOM},
}

@ARTICLE{DeepFi2016,
  author={Wang, Xuyu and Gao, Lingjun and Mao, Shiwen and Pandey, Santosh},
  journal={IEEE Transactions on Vehicular Technology}, 
  title={CSI-Based Fingerprinting for Indoor Localization: A Deep Learning Approach}, 
  year={2017}
}
  
@article{alizadeh21,
title = {Flood depth mapping in street photos with image processing and deep neural networks},
journal = {Computers, Environment and Urban Systems},
year = {2021},
author = {Bahareh {Alizadeh Kharazi} and Amir H. Behzadan},
}

@article{objectdetectionsurvey,
  author    = {Li Liu and
               Wanli Ouyang and
               Xiaogang Wang and
               Paul W. Fieguth and
               Jie Chen and
               Xinwang Liu and
               Matti Pietik{\"{a}}inen},
  title     = {Deep Learning for Generic Object Detection: {A} Survey},
  journal   = {CoRR},
  volume    = {abs/1809.02165},
  year      = {2018},
}

@inproceedings{bhattacharya2022fast,
  title={Fast and Efficient Online Selection of Sensors for Transmitter Localization},
  author={Bhattacharya, Arani and Abhishek, Maji and Champati, Jaya Prakash and Gross, James and others},
  booktitle={International Conference on COMmunication Systems \& NETworkS},
  year={2022}
}

@INPROCEEDINGS{resnet,
  author={He, Kaiming and Zhang, Xiangyu and Ren, Shaoqing and Sun, Jian},
  booktitle={2016 IEEE Conference on Computer Vision and Pattern Recognition (CVPR)}, 
  title={Deep Residual Learning for Image Recognition}, 
  year={2016}
}

@ARTICLE{ton-sensorselect,
  author={Bhattacharya, Arani and Zhan, Caitao and Maji, Abhishek and Gupta, Himanshu and Das, Samir R. and Djurićc, Petar M.},
  journal={IEEE/ACM Transactions on Networking}, 
  title={Selection of Sensors for Efficient Transmitter Localization}, 
  year={2021}
}

@INPROCEEDINGS{radar,
  author={Bahl, P. and Padmanabhan, V.N.},
  booktitle={Proceedings IEEE INFOCOM 2000. Conference on Computer Communications. Nineteenth Annual Joint Conference of the IEEE Computer and Communications Societies (Cat. No.00CH37064)}, 
  title={RADAR: an in-building RF-based user location and tracking system}, 
  year={2000},
}

@INPROCEEDINGS{wowmom21-deepmtl,
  author={Zhan, Caitao and Ghaderibaneh, Mohammad and Sahu, Pranjal and Gupta, Himanshu},
  booktitle={IEEE 22nd International Symposium on a World of Wireless, Mobile and Multimedia Networks (WoWMoM)}, 
  title={{DeepMTL}: Deep Learning Based Multiple Transmitter Localization}, 
  year={2021}
}

@inproceedings{sigcomm21-5G,
    author = {Narayanan, Arvind and Zhang, Xumiao and others},
    title = {A Variegated Look at {5G} in the Wild: Performance, Power, and {QoE} Implications},
    year = {2021},
    booktitle = {ACM SIGCOMM}
}

@INPROCEEDINGS{pimrc2021-localize,
  author={de Almeida, Ivo Bizon Franco and Chafii, Marwa and Nimr, Ahmad and Fettweis, Gerhard},
  booktitle={IEEE PIMRC}, 
  title={Blind Transmitter Localization in Wireless Sensor Networks: A Deep Learning Approach}, 
  year={2021},
}

@inproceedings{mobicom21-deepradar,
author = {Sarkar, Shamik and Buddhikot, Milind and Baset, Aniqua and Kasera, Sneha Kumar},
title = {{DeepRadar}: A Deep-Learning-Based Environmental Sensing Capability Sensor Design for {CBRS}},
year = {2021},
series = {MobiCom},
}
