@article{Giovannetti_2011,
	doi = {10.1038/nphoton.2011.35},
	url = {https://doi.org/10.1038/nphoton.2011.35},
	year = 2011,
	month = {mar},
	publisher = {Springer Science and Business Media {LLC}},
	volume = {5},
	number = {4},
	pages = {222--229},
	author = {Vittorio Giovannetti and Seth Lloyd and Lorenzo Maccone},
	title = {Advances in quantum metrology},
	journal = {Nature Photonics}
}

@article{Eldredge_2018,
  title = {Optimal and secure measurement protocols for quantum sensor networks},
  author = {Eldredge, Zachary and Foss-Feig, Michael and Gross, Jonathan A. and Rolston, S. L. and Gorshkov, Alexey V.},
  journal = {Phys. Rev. A},
  volume = {97},
  issue = {4},
  pages = {042337},
  numpages = {9},
  year = {2018},
  month = {Apr},
  publisher = {American Physical Society},
  doi = {10.1103/PhysRevA.97.042337},
  url = {https://link.aps.org/doi/10.1103/PhysRevA.97.042337}
}


@article{Rubio_2020,
doi = {10.1088/1751-8121/ab9d46},
url = {https://dx.doi.org/10.1088/1751-8121/ab9d46},
year = {2020},
month = {aug},
publisher = {IOP Publishing},
volume = {53},
number = {34},
pages = {344001},
author = {Jesús Rubio and Paul A Knott and Timothy J Proctor and Jacob A Dunningham},
title = {Quantum sensing networks for the estimation of linear functions},
journal = {Journal of Physics A: Mathematical and Theoretical},
}

@article{Hillery_2023,
  title = {Discrete outcome quantum sensor networks},
  author = {Hillery, Mark and Gupta, Himanshu and Zhan, Caitao},
  journal = {Phys. Rev. A},
  volume = {107},
  issue = {1},
  pages = {012435},
  numpages = {6},
  year = {2023},
  month = {Jan},
  publisher = {American Physical Society},
  doi = {10.1103/PhysRevA.107.012435},
  url = {https://link.aps.org/doi/10.1103/PhysRevA.107.012435}
}

@article{mpe_2018,
  title = {Multiparameter Estimation in Networked Quantum Sensors},
  author = {Proctor, Timothy J. and Knott, Paul A. and Dunningham, Jacob A.},
  journal = {Phys. Rev. Lett.},
  volume = {120},
  issue = {8},
  pages = {080501},
  numpages = {6},
  year = {2018},
  month = {Feb},
  publisher = {American Physical Society},
  doi = {10.1103/PhysRevLett.120.080501},
  url = {https://link.aps.org/doi/10.1103/PhysRevLett.120.080501}
}

@article{mpe_2020,
doi = {10.1088/1367-2630/ab7a32},
url = {https://dx.doi.org/10.1088/1367-2630/ab7a32},
year = {2020},
month = {apr},
publisher = {IOP Publishing},
volume = {22},
number = {4},
pages = {043005},
author = {Xinwei Li and Jia-Hao Cao and Qi Liu and Meng Khoon Tey and Li You},
title = {Multi-parameter estimation with multi-mode Ramsey interferometry},
journal = {New Journal of Physics},
}

@article{Altenburg_2019,
doi = {10.1088/1402-4896/aaeca1},
url = {https://dx.doi.org/10.1088/1402-4896/aaeca1},
year = {2018},
month = {nov},
publisher = {IOP Publishing},
volume = {94},
number = {1},
pages = {014001},
author = {Sanah Altenburg and Sabine Wölk},
title = {Multi-parameter estimation: global, local and sequential strategies},
journal = {Physica Scripta},
}

@article{Sidhu_2020,
    author = {Sidhu, Jasminder S. and Kok, Pieter},
    title = "{Geometric perspective on quantum parameter estimation}",
    journal = {AVS Quantum Science},
    volume = {2},
    pages = {014701},
    number = {1},
    year = {2020},
    month = {02},
    issn = {2639-0213},
    doi = {10.1116/1.5119961},
    url = {https://doi.org/10.1116/1.5119961},
}


@article{Jacobs_2018,
  title = {Distributed Quantum Metrology with Linear Networks and Separable Inputs},
  author = {Ge, Wenchao and Jacobs, Kurt and Eldredge, Zachary and Gorshkov, Alexey V. and Foss-Feig, Michael},
  journal = {Phys. Rev. Lett.},
  volume = {121},
  issue = {4},
  pages = {043604},
  numpages = {6},
  year = {2018},
  month = {Jul},
  publisher = {American Physical Society},
  doi = {10.1103/PhysRevLett.121.043604},
  url = {https://link.aps.org/doi/10.1103/PhysRevLett.121.043604}
}


@article{DAriano_2002,
doi = {10.1088/1464-4266/4/4/304},
url = {https://dx.doi.org/10.1088/1464-4266/4/4/304},
year = {2002},
month = {jul},
publisher = {},
volume = {4},
number = {4},
pages = {S273},
author = {G Mauro D’Ariano and  Paoloplacido Lo Presti and  Matteo G A Paris},
title = {Improved discrimination of unitary transformations by entangled probes},
journal = {Journal of Optics B: Quantum and Semiclassical Optics},
}

@article{Eldar_2003,
	doi = {10.1109/tit.2003.809510},
	year = 2003,
	month = {apr},
	publisher = {Institute of Electrical and Electronics Engineers ({IEEE})},
	volume = {49},
	number = {4},
	pages = {1007--1012},
	author = {Y.C. Eldar and A. Megretski and G.C. Verghese},
	title = {Designing optimal quantum detectors via semidefinite programming},
	journal = {{IEEE} Transactions on Information Theory}
}

@article{Kirkpatrick_1983,
author = {S. Kirkpatrick  and C. D. Gelatt  and M. P. Vecchi },
title = {Optimization by Simulated Annealing},
journal = {Science},
volume = {220},
number = {4598},
pages = {671-680},
year = {1983},
doi = {10.1126/science.220.4598.671},
URL = {https://www.science.org/doi/abs/10.1126/science.220.4598.671},
}

@article{Metropolis_1953,
    author = {Metropolis, Nicholas and Rosenbluth, Arianna W. and Rosenbluth, Marshall N. and Teller, Augusta H. and Teller, Edward},
    title = "{Equation of State Calculations by Fast Computing Machines}",
    journal = {The Journal of Chemical Physics},
    volume = {21},
    number = {6},
    pages = {1087-1092},
    year = {1953},
    month = {12},
    issn = {0021-9606},
    doi = {10.1063/1.1699114},
}


@book{Laarhoven_1987,
author = {Laarhoven, P. J. M. and Aarts, E. H. L.},
title = {Simulated Annealing: Theory and Applications},
year = {1987},
isbn = {9027725136},
publisher = {Kluwer Academic Publishers},
address = {USA}
}

@article{Lewis_2007,
author = {Lewis, Rhyd},
title = {Metaheuristics Can Solve Sudoku Puzzles},
year = {2007},
journal = {Journal of Heuristics},
volume = {13},
issue = {4}, 
pages = {387-401},
}


@article{Holland_1992,
 URL = {http://www.jstor.org/stable/24939139},
 author = {John H. Holland},
 journal = {Scientific American},
 number = {1},
 pages = {66--73},
 publisher = {Scientific American},
 title = {Genetic Algorithms},
 volume = {267},
 year = {1992}
}

@misc{our-simulator,
author = {Caitao Zhan},
title = {Quantum Sensor Network Simulator},
year = {2023},
note = {\url{https://github.com/caitaozhan/QuantumSensorNetwork}}
}


@article{RevModPhys.quantumsensing,
  title = {Quantum sensing},
  author = {Degen, C. L. and Reinhard, F. and Cappellaro, P.},
  journal = {Rev. Mod. Phys.},
  volume = {89},
  issue = {3},
  pages = {035002},
  numpages = {39},
  year = {2017},
  publisher = {American Physical Society},
  doi = {10.1103/RevModPhys.89.035002},
  url = {https://link.aps.org/doi/10.1103/RevModPhys.89.035002}
}

@article{PhysRevResearch.qsn,
  title = {Protocols for estimating multiple functions with quantum sensor networks: Geometry and performance},
  author = {Bringewatt, Jacob and Boettcher, Igor and Niroula, Pradeep and Bienias, Przemyslaw and Gorshkov, Alexey V.},
  journal = {Phys. Rev. Res.},
  volume = {3},
  issue = {3},
  pages = {033011},
  numpages = {15},
  year = {2021},
  month = {Jul},
  publisher = {American Physical Society},
  doi = {10.1103/PhysRevResearch.3.033011},
  url = {https://link.aps.org/doi/10.1103/PhysRevResearch.3.033011}
}

@article{PhysRevA.qsn,
  title = {Optimal measurement of field properties with quantum sensor networks},
  author = {Qian, Timothy and Bringewatt, Jacob and Boettcher, Igor and Bienias, Przemyslaw and Gorshkov, Alexey V.},
  journal = {Phys. Rev. A},
  volume = {103},
  issue = {3},
  pages = {L030601},
  numpages = {6},
  year = {2021},
  month = {Mar},
  publisher = {American Physical Society},
  doi = {10.1103/PhysRevA.103.L030601},
  url = {https://link.aps.org/doi/10.1103/PhysRevA.103.L030601}
}

@article{diamond2016cvxpy,
  author  = {Steven Diamond and Stephen Boyd},
  title   = {{CVXPY}: {A} {P}ython-embedded modeling language for convex optimization},
  journal = {Journal of Machine Learning Research},
  year    = {2016},
  volume  = {17},
  number  = {83},
  pages   = {1--5},
}

@article{slaen,
  title={Physical-layer supervised learning assisted by an entangled sensor network},
  author={Zhuang, Quntao and Zhang, Zheshen},
  journal={Physical Review X},
  volume={9},
  number={4},
  pages={041023},
  year={2019},
  publisher={APS},
  url = {https://link.aps.org/doi/10.1103/PhysRevX.9.041023}
}

@article{quantum_pyramid,
  title={How well can you know the edge of a quantum pyramid?},
  author={Englert, Berthold-Georg and {\v{R}}eh{\'a}{\v{c}}ek, Jaroslav},
  journal={Journal of Modern Optics},
  volume={57},
  number={3},
  pages={218--226},
  year={2010},
  publisher={Taylor \& Francis},
  url={https://doi.org/10.1080/09500340903094601}
}

@article{Koczor_2020,
doi = {10.1088/1367-2630/ab965e},
url = {https://dx.doi.org/10.1088/1367-2630/ab965e},
year = {2020},
month = {aug},
publisher = {IOP Publishing},
volume = {22},
number = {8},
pages = {083038},
author = {Bálint Koczor and Suguru Endo and Tyson Jones and Yuichiro Matsuzaki and Simon C Benjamin},
title = {Variational-state quantum metrology},
journal = {New Journal of Physics},
}

@article{Bae_2015,
doi = {10.1088/1751-8113/48/8/083001},
url = {https://dx.doi.org/10.1088/1751-8113/48/8/083001},
year = {2015},
month = {jan},
publisher = {IOP Publishing},
volume = {48},
number = {8},
pages = {083001},
author = {Joonwoo Bae and Leong-Chuan Kwek},
title = {Quantum state discrimination and its applications},
journal = {Journal of Physics A: Mathematical and Theoretical},
}

@Inbook{Bergou2004,
author="Bergou, J{\'a}nos A. and Herzog, Ulrike and Hillery, Mark",
title="11 Discrimination of Quantum States",
bookTitle="Quantum State Estimation",
year="2004",
publisher="Springer Berlin Heidelberg",
address="Berlin, Heidelberg",
pages="417--465",
isbn="978-3-540-44481-7",
doi="10.1007/978-3-540-44481-7_11",
url="https://doi.org/10.1007/978-3-540-44481-7_11"
}


@article{bergou-review-2007,
doi = {10.1088/1742-6596/84/1/012001},
url = {https://dx.doi.org/10.1088/1742-6596/84/1/012001},
year = {2007},
month = {oct},
publisher = {},
volume = {84},
number = {1},
pages = {012001},
author = {János A Bergou},
title = {Quantum state discrimination and selected applications},
journal = {Journal of Physics: Conference Series},
}


@misc{iso-code,
author = {Caitao Zhan},
title = {Source Code Repository},
year = {2023},
note = {\url{https://github.com/caitaozhan/QuantumSensorNetwork}}
}


@InProceedings{dicke_state,
author="B{\"a}rtschi, Andreas
and Eidenbenz, Stephan",
editor="G{\k{a}}sieniec, Leszek Antoni
and Jansson, Jesper
and Levcopoulos, Christos",
title="Deterministic Preparation of Dicke States",
booktitle="Fundamentals of Computation Theory",
year="2019",
publisher="Springer International Publishing",
address="Cham",
pages="126--139",
isbn="978-3-030-25027-0",
url="https://doi.org/10.1007/978-3-030-25027-0_9"
}


@ARTICLE{ouyang22-symmetric,
  author={Ouyang, Yingkai and Shettell, Nathan and Markham, Damian},
  journal={IEEE Transactions on Information Theory}, 
  title={Robust Quantum Metrology With Explicit Symmetric States}, 
  year={2022},
  volume={68},
  number={3},
  pages={1809-1821},
  doi={10.1109/TIT.2021.3132634}
}


@article{sdp-solver,
    author       = {Brendan O'Donoghue and Eric Chu and Neal Parikh and Stephen Boyd},
    title        = {Conic Optimization via Operator Splitting and Homogeneous Self-Dual Embedding},
    journal      = {Journal of Optimization Theory and Applications},
    month        = {June},
    year         = {2016},
    volume       = {169},
    number       = {3},
    pages        = {1042-1068},
    url          = {http://stanford.edu/~boyd/papers/scs.html},
}

@article{SA-sudoku,
author = {Lewis, Rhyd},
title = {Metaheuristics Can Solve Sudoku Puzzles},
year = {2007},
journal = {Journal of Heuristics},
volume = {13},
pages = {387-401},
url = {https://doi.org/10.1007/s10732-007-9012-8}
}

@article{review-ga,
author = {Katoch, Sourabh and Chauhan, Sumit Singh and Kumar, Vijay},
title = {A review on genetic algorithm: past, present, and future},
year = {2021},
journal = {Multimedia Tools and Applications},
volume = {80},
pages = {8091-8126},
url = {https://doi.org/10.1007/s11042-020-10139-6}
}

@article{Barnett-review,
author = {Stephen M. Barnett and Sarah Croke},
journal = {Adv. Opt. Photon.},
keywords = {Circular polarization; Photon polarization; Polarization maintaining fibers; Quantum communications; Quantum cryptography; Quantum optics},
number = {2},
pages = {238--278},
publisher = {Optica Publishing Group},
title = {Quantum state discrimination},
volume = {1},
month = {Apr},
year = {2009},
url = {https://opg.optica.org/aop/abstract.cfm?URI=aop-1-2-238},
doi = {10.1364/AOP.1.000238},
}

@article{opt-continuous-qsn,
  title = {Optimal and secure measurement protocols for quantum sensor networks},
  author = {Eldredge, Zachary and Foss-Feig, Michael and Gross, Jonathan A. and Rolston, S. L. and Gorshkov, Alexey V.},
  journal = {Phys. Rev. A},
  volume = {97},
  issue = {4},
  pages = {042337},
  numpages = {9},
  year = {2018},
  month = {Apr},
  publisher = {American Physical Society},
  doi = {10.1103/PhysRevA.97.042337},
  url = {https://link.aps.org/doi/10.1103/PhysRevA.97.042337}
}


@INPROCEEDINGS{umd-entanglement,
  author={Cao, Yingkang and Wu, Xiaodi},
  booktitle={IEEE International Conference on Acoustics, Speech and Signal Processing (ICASSP)}, 
  title={Distributed Quantum Sensing Network with Geographically Constrained Measurement Strategies}, 
  year={2023},
  pages={1-5},
  publisher={IEEE},
  address={Greece},
  doi={10.1109/ICASSP49357.2023.10096723}
}

@misc{saleem_dickestate,
      title={Achieving the Heisenberg limit with Dicke states in noisy quantum metrology}, 
      author={Zain H. Saleem and Michael Perlin and Anil Shaji and Stephen K. Gray},
      year={2023},
      eprint={2309.12411},
      archivePrefix={arXiv},
      primaryClass={quant-ph}
}

@article{dickestate_distributed,
  title = {Efficient Dicke-state distribution in a network of lossy channels},
  author = {Roga, Wojciech and Ikuta, Rikizo and Horikiri, Tomoyuki and Takeoka, Masahiro},
  journal = {Phys. Rev. A},
  volume = {108},
  issue = {1},
  pages = {012612},
  numpages = {10},
  year = {2023},
  month = {Jul},
  publisher = {American Physical Society},
  doi = {10.1103/PhysRevA.108.012612},
  url = {https://link.aps.org/doi/10.1103/PhysRevA.108.012612}
}

@article{Wallman_noise,
doi = {10.1088/1367-2630/17/11/113020},
url = {https://dx.doi.org/10.1088/1367-2630/17/11/113020},
year = {2015},
month = {nov},
publisher = {IOP Publishing},
volume = {17},
number = {11},
pages = {113020},
author = {Joel Wallman and Chris Granade and Robin Harper and Steven T Flammia},
title = {Estimating the coherence of noise},
journal = {New Journal of Physics},
}

@book{nielsen2010quantum,
  title={Quantum computation and quantum information},
  author={Nielsen, Michael A and Chuang, Isaac L},
  year={2010},
  publisher={Cambridge university press},
  address={Cambridge, UK}
}

@book{helstrom,
  title={Quantum Detection and Estimation Theory},
  author={C.W. Helstrom},
  year={1976},
  publisher={Academic Press},
  address={New York}
}


@article{ehrenberg,
  title = {Minimum-entanglement protocols for function estimation},
  author = {Ehrenberg, Adam and Bringewatt, Jacob and Gorshkov, Alexey V.},
  journal = {Phys. Rev. Res.},
  volume = {5},
  issue = {3},
  pages = {033228},
  numpages = {16},
  year = {2023},
  month = {Sep},
  publisher = {American Physical Society},
  doi = {10.1103/PhysRevResearch.5.033228},
  url = {https://link.aps.org/doi/10.1103/PhysRevResearch.5.033228}
}


@article{Suzuki_2020,
doi = {10.1088/1751-8121/ab8b78},
url = {https://dx.doi.org/10.1088/1751-8121/ab8b78},
year = {2020},
month = {oct},
publisher = {IOP Publishing},
volume = {53},
number = {45},
pages = {453001},
author = {Jun Suzuki and Yuxiang Yang and Masahito Hayashi},
title = {Quantum state estimation with nuisance parameters},
journal = {Journal of Physics A: Mathematical and Theoretical},
}